<?xml version="1.0" encoding="UTF-8"?><record xmlns="http://www.loc.gov/MARC21/slim" xmlns:cinclude="http://apache.org/cocoon/include/1.0" xmlns:zs="http://www.loc.gov/zing/srw/">
  <leader>00360nz  a2200133n  4500</leader>
  <controlfield tag="001">no2007086799</controlfield>
  <controlfield tag="003">DLC</controlfield>
  <controlfield tag="005">20070802075316.0</controlfield>
  <controlfield tag="008">070731n| acannaabn          |n aaa     c</controlfield>
  <datafield tag="010" ind1=" " ind2=" ">
    <subfield code="a">no2007086799</subfield>
  </datafield>
  <datafield tag="035" ind1=" " ind2=" ">
    <subfield code="a">(OCoLC)oca07480036</subfield>
  </datafield>
  <datafield tag="040" ind1=" " ind2=" ">
    <subfield code="a">DHMM</subfield>
    <subfield code="b">eng</subfield>
    <subfield code="c">DHMM</subfield>
  </datafield>
  <datafield tag="100" ind1="1" ind2=" ">
    <subfield code="a">Pusia, Wiesława</subfield>
  </datafield>
  <datafield tag="670" ind1=" " ind2=" ">
    <subfield code="a">Fenomen getta łodzkiego 1940-1944, 2006:</subfield>
    <subfield code="b">t.p. (Wiesława Pusia)</subfield>
  </datafield>
</record>